@book{book:2608618,
   title =     {Análisis numérico},
   author =    {Richard L. Burden; Annette M. Burden; Douglas J. Faires},
   publisher = {CENGAGE Learning},
   isbn =      {9786075264110,6075264116},
   year =      {2017},
   series =    {},
   edition =   {10},
   volume =    {},
   url =       {http://gen.lib.rus.ec/book/index.php?md5=87525D7D988D11F87963D6832EAA9493}
}

@misc{python,
  title = {Built-in Exceptions}, 
  url = {https://docs.python.org/3/library/exceptions}, 
  note = {Accessed 2025}, 
  year = {2025},
  author = {{Python Software Foundation}},
  journal = {Python Documentation}
}


@book{sauer2013analisis,
  title={An{\'a}lisis num{\'e}rico},
  author={Sauer, Timothy and Murrieta, Jes{\'u}s Elmer Murrieta},
  year={2013},
  publisher={Pearson Educaci{\'o}n M{\'e}xico}
}

@book{book:2450406,
   title =     {Numerical Methods for Engineers 7th Edition},
   author =    {Steven Chapra, Raymond Canale},
   publisher = {McGraw-Hill},
   isbn =      {},
   year =      {2014},
   series =    {},
   edition =   {},
   volume =    {},
   url =       {http://gen.lib.rus.ec/book/index.php?md5=f84e847c0120647f7143d7e036978163}
}