@book{book:2608618,
   title =     {Análisis numérico},
   author =    {Richard L. Burden; Annette M. Burden; Douglas J. Faires},
   publisher = {CENGAGE Learning},
   isbn =      {9786075264110,6075264116},
   year =      {2017},
   series =    {},
   edition =   {10},
   volume =    {},
   url =       {http://gen.lib.rus.ec/book/index.php?md5=87525D7D988D11F87963D6832EAA9493}
}

@misc{python,
  title = {Built-in Exceptions}, 
  url = {https://docs.python.org/3/library/exceptions}, 
  note = {Accessed 2025}, 
  year = {2025},
  author = {{Python Software Foundation}},
  journal = {Python Documentation}
}
